@article{ali_-line_2022,
  title = {On-line three-dimensional packing problems: {{A}} review of off-line and on-line solution approaches},
  shorttitle = {On-line three-dimensional packing problems},
  author = {Ali, Sara and Ramos, António Galrão and Carravilla, Maria Antónia and Oliveira, José Fernando},
  date = {2022-06-01},
  journaltitle = {Computers \& Industrial Engineering},
  shortjournal = {Computers \& Industrial Engineering},
  volume = {168},
  pages = {108122},
  issn = {0360-8352},
  doi = {10.1016/j.cie.2022.108122},
  keywords = {Constraints,Container loading,Packing heuristics,Review,Three-dimensional packing}
}

@article{aylak_application_2021,
  title = {Application of {{Machine Learning Methods}} for {{Pallet Loading Problem}}},
  shorttitle = {Application of {{Machine Learning Methods}} for {{PLP}}},
  author = {Aylak, Batin Latif and İnce, Murat and Oral, Okan and Süer, Gürsel and Almasarwah, Najat and Singh, Manjeet and Salah, Bashir},
  date = {2021-01},
  journaltitle = {Applied Sciences},
  shortjournal = {Appl. Sci.},
  volume = {11},
  number = {18},
  pages = {8304},
  publisher = {Multidisciplinary Digital Publishing Institute},
  issn = {2076-3417},
  doi = {10.3390/app11188304},
  issue = {18},
  langid = {english},
  keywords = {classifier,classifiers,highly important,logistics,machine learning,pallet loading,pallet loading problem (PLP)}
}

@article{battiti_using_1994,
  title = {Using mutual information for selecting features in supervised neural net learning},
  shorttitle = {Using {{MI}} for selecting features in supervised neural net learning},
  author = {Battiti, R.},
  date = {1994-07},
  journaltitle = {IEEE Transactions on Neural Networks},
  shortjournal = {IEEE Trans. Neural Netw.},
  volume = {5},
  number = {4},
  pages = {537--550},
  issn = {1941-0093},
  doi = {10.1109/72.298224},
  keywords = {Data mining,Feature extraction,Intelligent networks,Mutual information,Neural networks,Principal component analysis,Random variables,Robustness,Supervised learning,Vectors}
}

@article{bischoff_issues_1995,
  title = {Issues in the development of approaches to container loading},
  shorttitle = {Issues in the development of approaches to {{CLP}}},
  author = {Bischoff, E. E. and Ratcliff, M. S. W.},
  date = {1995-08-01},
  journaltitle = {Omega},
  shortjournal = {Omega},
  volume = {23},
  number = {4},
  pages = {377--390},
  issn = {0305-0483},
  doi = {10.1016/0305-0483(95)00015-G},
  keywords = {benchmarks,containers,multicriteria,space utilization}
}

@article{bortfeldt_constraints_2013,
  title = {Constraints in container loading – {{A}} state-of-the-art review},
  shorttitle = {Container loading constraints – {{A}} state-of-the-art review},
  author = {Bortfeldt, Andreas and Wäscher, Gerhard},
  date = {2013-08},
  journaltitle = {European Journal of Operational Research},
  shortjournal = {European Journal of Operational Research},
  volume = {229},
  number = {1},
  pages = {1--20},
  issn = {03772217},
  doi = {10.1016/j.ejor.2012.12.006},
  langid = {english}
}

@article{bortfeldt_hybrid_2001,
  title = {A hybrid genetic algorithm for the container loading problem},
  author = {Bortfeldt, Andreas and Gehring, Hermann},
  date = {2001-05-16},
  journaltitle = {European Journal of Operational Research},
  shortjournal = {European Journal of Operational Research},
  volume = {131},
  number = {1},
  pages = {143--161},
  issn = {0377-2217},
  doi = {10.1016/S0377-2217(00)00055-2},
  keywords = {Container loading problem,GA,Genetic algorithm,Packing,Three-dimensional knapsack problem}
}

@article{cerianiOriginsGiniIndex2012,
  title = {The origins of the {{Gini}} index: extracts from {{Variabilità}} e {{Mutabilità}} (1912) by {{Corrado Gini}}},
  shorttitle = {The origins of the {{Gini}} index},
  author = {Ceriani, Lidia and Verme, Paolo},
  date = {2012-09-01},
  journaltitle = {The Journal of Economic Inequality},
  shortjournal = {J Econ Inequal},
  volume = {10},
  number = {3},
  pages = {421--443},
  issn = {1573-8701},
  doi = {10.1007/s10888-011-9188-x},
  langid = {english},
  keywords = {Corrado Gini,Gini index,Income distribution,Inequality}
}

@article{ceschia_local_2013,
  title = {Local search techniques for a routing-packing problem},
  shorttitle = {Local search techniques for the {{3L-CVRP}}},
  author = {Ceschia, Sara and Schaerf, Andrea and Stützle, Thomas},
  date = {2013-12},
  journaltitle = {Computers \& Industrial Engineering},
  shortjournal = {Computers \& Industrial Engineering},
  volume = {66},
  number = {4},
  pages = {1138--1149},
  issn = {03608352},
  doi = {10.1016/j.cie.2013.07.025},
  langid = {english}
}

@article{chandrashekar_survey_2014,
  title = {A survey on feature selection methods},
  author = {Chandrashekar, Girish and Sahin, Ferat},
  date = {2014-01},
  journaltitle = {Computers \& Electrical Engineering},
  shortjournal = {Computers \& Electrical Engineering},
  volume = {40},
  number = {1},
  pages = {16--28},
  issn = {00457906},
  doi = {10.1016/j.compeleceng.2013.11.024},
  langid = {english}
}

@book{chelouah_optimization_2022,
  title = {Optimization and {{Machine Learning}}: {{Optimization}} for {{Machine Learning}} and {{Machine Learning}} for {{Optimization}}},
  shorttitle = {Optimization and {{Machine Learning}}},
  author = {Chelouah, Rachid and Siarry, Patrick},
  date = {2022-02-15},
  eprint = {QpFfEAAAQBAJ},
  eprinttype = {googlebooks},
  publisher = {John Wiley \& Sons},
  isbn = {978-1-119-90287-4},
  langid = {english},
  pagetotal = {258},
  keywords = {Computers / Artificial Intelligence / General,Computers / Computer Science,Computers / Data Science / Neural Networks,Computers / General}
}

@article{chicco_advantages_2020,
  title = {The advantages of the {{Matthews}} correlation coefficient ({{MCC}}) over {{F1}} score and accuracy in binary classification evaluation},
  shorttitle = {Evaluation for the binary classification},
  author = {Chicco, Davide and Jurman, Giuseppe},
  date = {2020-01-02},
  journaltitle = {BMC Genomics},
  shortjournal = {BMC Genomics},
  volume = {21},
  number = {1},
  pages = {6},
  issn = {1471-2164},
  doi = {10.1186/s12864-019-6413-7},
  langid = {english},
  keywords = {Accuracy,Binary classification,Biostatistics,Confusion matrices,Dataset imbalance,F1 score,Genomics,Machine learning,Matthews correlation coefficient,Performance Assessment,Predictive markers,Probability and Statistics in Computer Science,Psychometrics,Statistics,Statistics in Engineering Physics Computer Science Chemistry and Earth Sciences}
}

@article{clarke_scheduling_1964,
  title = {Scheduling of {{Vehicles}} from a {{Central Depot}} to a {{Number}} of {{Delivery Points}}},
  shorttitle = {Vehicle {{Routing Problem Approaches}}},
  author = {Clarke, G. and Wright, J. W.},
  date = {1964},
  journaltitle = {Operations Research},
  shortjournal = {Oper. Res.},
  volume = {12},
  number = {4},
  pages = {568--581},
  publisher = {INFORMS},
  issn = {0030-364X}
}

@article{cote_value_2016,
  title = {The {{Value}} of {{Integrating Loading}} and {{Routing}}},
  author = {Côté, Jean-François and Guastaroba, Gianfranco and Speranza, M.Grazia},
  date = {2016-07-01},
  journaltitle = {European Journal of Operational Research},
  shortjournal = {European Journal of Operational Research},
  volume = {257},
  doi = {10.1016/j.ejor.2016.06.072}
}

@article{de_menezes_data_2017,
  title = {Data classification with binary response through the {{Boosting}} algorithm and logistic regression},
  shorttitle = {Binary data classification with  {{Boosting}} algorithm and {{LogReg}}},
  author = {family=Menezes, given=Fortunato S., prefix=de, useprefix=true and Liska, Gilberto R. and Cirillo, Marcelo A. and Vivanco, Mário J. F.},
  date = {2017-03-01},
  journaltitle = {Expert Systems with Applications},
  shortjournal = {Expert Systems with Applications},
  volume = {69},
  pages = {62--73},
  issn = {0957-4174},
  doi = {10.1016/j.eswa.2016.08.014},
  url = {https://www.sciencedirect.com/science/article/pii/S0957417416304092},
  urldate = {2025-08-21},
  keywords = {AIC,auc,BIC,Boosting algorithm,Data classification,Information criteria,Logistic regression,Monte Carlo Simulation,roc,Selection of models}
}

@online{dhl_group_dhl_2025,
  title = {{{DHL Post}} \& {{Parcel Germany}}},
  shorttitle = {Parcels every day},
  author = {DHL Group},
  date = {2025-07-24},
  url = {https://group.dhl.com/en/about-us/corporate-divisions/post-parcel-germany.html},
  urldate = {2025-07-24},
  langid = {english},
  organization = {DHL}
}

@incollection{elkefi_deep_2023,
  title = {Deep {{Learning}} for {{Solving Loading}}, {{Packing}}, {{Routing}}, and {{Scheduling Problems}}},
  booktitle = {Handbook of {{Formal Optimization}}},
  author = {Elkefi, Safa and Layeb, Safa Bhar},
  date = {2023},
  pages = {1--19},
  publisher = {Springer, Singapore},
  doi = {10.1007/978-981-19-8851-6_16-1},
  isbn = {978-981-19-8851-6},
  langid = {english}
}

@article{gehring_genetic_1997,
  title = {A {{Genetic Algorithm}} for {{Solving}} the {{Container Loading Problem}}},
  shorttitle = {A {{Genetic Algorithm}} for {{Solving}} the {{CLP}}},
  author = {Gehring, H. and Bortfeldt, A.},
  date = {1997},
  journaltitle = {International Transactions in Operational Research},
  shortjournal = {Int. Trans. Oper. Res.},
  volume = {4},
  number = {5--6},
  pages = {401--418},
  issn = {1475-3995},
  doi = {10.1111/j.1475-3995.1997.tb00095.x},
  langid = {english},
  keywords = {container,genetic algorithm,packing,practical constraints}
}

@article{gendreau_tabu_2006,
  title = {A {{Tabu Search Algorithm}} for a {{Routing}} and {{Container Loading Problem}}},
  shorttitle = {A {{Tabu Search Algorithm}} for the {{3L-CVRP}}},
  author = {Gendreau, Michel and Iori, Manuel and Laporte, Gilbert and Martello, Silvano},
  date = {2006-08},
  journaltitle = {Transportation Science},
  shortjournal = {Transportation Science},
  volume = {40},
  number = {3},
  pages = {342--350},
  issn = {0041-1655, 1526-5447},
  doi = {10.1287/trsc.1050.0145},
  langid = {english}
}

@article{gendreau_tabu_2008,
  title = {A {{Tabu}} search heuristic for the vehicle routing problem with two-dimensional loading constraints},
  shorttitle = {A {{Tabu}} search heuristic for the {{2L-CVRP}}},
  author = {Gendreau, Michel and Iori, Manuel and Laporte, Gilbert and Martello, Silvaro},
  date = {2008},
  journaltitle = {Networks},
  volume = {51},
  number = {1},
  pages = {4--18},
  issn = {1097-0037},
  doi = {10.1002/net.20192},
  langid = {english},
  keywords = {Tabu Search,two-dimensional packing,vehicle routing}
}

@article{giniMeasurementInequalityIncomes1921,
  title = {Measurement of {{Inequality}} of {{Incomes}}},
  author = {Gini, Corrado},
  date = {1921},
  journaltitle = {The Economic Journal},
  shortjournal = {Econ. J.},
  volume = {31},
  number = {121},
  pages = {124--126},
  publisher = {[Royal Economic Society, Wiley]},
  issn = {0013-0133},
  doi = {10.2307/2223319},
  keywords = {gini_index}
}

@article{gscheithauer_equivalence_1997,
  title = {Equivalence and Dominance for Problems of Optimal Packing of Rectangles},
  author = {G.Scheithauer},
  date = {1997},
  journaltitle = {RICERCA OPERATIVA},
  shortjournal = {Ric. Oper.},
  number = {1997/83},
  publisher = {FrancoAngeli Editore},
  langid = {italian}
}

@online{gu_generalized_2012,
  title = {Generalized {{Fisher Score}} for {{Feature Selection}}},
  author = {Gu, Quanquan and Li, Zhenhui and Han, Jiawei},
  date = {2012-02-14},
  eprint = {1202.3725},
  eprinttype = {arXiv},
  eprintclass = {cs},
  doi = {10.48550/arXiv.1202.3725},
  pubstate = {prepublished},
  keywords = {Computer Science - Machine Learning,Statistics - Machine Learning}
}

@inproceedings{haindl_feature_2006,
  title = {Feature {{Selection Based}} on {{Mutual Correlation}}},
  booktitle = {Progress in {{Pattern Recognition}}, {{Image Analysis}} and {{Applications}}},
  author = {Haindl, Michal and Somol, Petr and Ververidis, Dimitrios and Kotropoulos, Constantine},
  editor = {Martínez-Trinidad, José Francisco and Carrasco Ochoa, Jesús Ariel and Kittler, Josef},
  date = {2006},
  pages = {569--577},
  publisher = {Springer},
  location = {Berlin, Heidelberg},
  doi = {10.1007/11892755_59},
  isbn = {978-3-540-46557-7},
  langid = {english},
  keywords = {Feature Selection,Feature Selection Algorithm,Feature Selection Method,Forward Search,Mutual Correlation}
}

@inproceedings{hall_feature_1997,
  title = {Feature {{Subset Selection}}: {{A Correlation Based Filter Approach}}},
  author = {Hall, Mark A and Smith, Lloyd A},
  date = {1997},
  pages = {855--858},
  publisher = {Springer},
  location = {Berlin},
  eventtitle = {International {{Conference}} on {{Neural Information Processing}} and {{Intelligent Information Systems}}},
  langid = {english}
}

@article{hokama_branch-and-cut_2016,
  title = {A branch-and-cut approach for the vehicle routing problem with loading constraints},
  shorttitle = {A branch-and-cut approach for the {{VRP}} with loading constraints},
  author = {Hokama, Pedro and Miyazawa, Flávio K. and Xavier, Eduardo C.},
  date = {2016-04-01},
  journaltitle = {Expert Systems with Applications},
  shortjournal = {Expert Systems with Applications},
  volume = {47},
  pages = {1--13},
  issn = {0957-4174},
  doi = {10.1016/j.eswa.2015.10.013},
  keywords = {Branch-and-cut,Combinatorial optimization,Three-dimensional packing,Two-dimensional packing,Vehicle routing}
}

@article{iori_exact_2004,
  title = {An {{Exact Approach}} for the {{Symmetric Capacitated Vehicle Routing Problem}} with {{Two Dimensional Loading Constraints}}},
  shorttitle = {An {{Exact Approach}} for the {{Symmetric 2L-CVRP}} with {{Loading Constraints}}},
  author = {Iori, Manuel and Gonzalez, Juan Jose Salazar and Vigo, Daniele},
  date = {2004},
  langid = {english}
}

@article{iori_exact_2007,
  title = {An {{Exact Approach}} for the {{Vehicle Routing Problem}} with {{Two-Dimensional Loading Constraints}}},
  shorttitle = {An {{Exact Approach}} for the {{2L--CVRP}}},
  author = {Iori, Manuel and Salazar-González, Juan-José and Vigo, Daniele},
  date = {2007-05},
  journaltitle = {Transportation Science},
  shortjournal = {Transportation Science},
  volume = {41},
  number = {2},
  pages = {253--264},
  issn = {0041-1655, 1526-5447},
  doi = {10.1287/trsc.1060.0165},
  langid = {english}
}

@article{iori_exact_2007-1,
  title = {An {{Exact Approach}} for the {{Vehicle Routing Problem}} with {{Two-Dimensional Loading Constraints}}},
  shorttitle = {An {{Exact Approach}} for the {{2L-CVRP}}},
  author = {Iori, Manuel and Salazar-González, Juan-José and Vigo, Daniele},
  date = {2007-05-01},
  journaltitle = {Transportation Science},
  shortjournal = {Transp. Sci.},
  publisher = {INFORMS},
  doi = {10.1287/trsc.1060.0165},
  langid = {english}
}

@article{iori_exact_2021,
  title = {Exact solution techniques for two-dimensional cutting and packing},
  shorttitle = {Exact solution techniques for two-dimensional cutting and packing},
  author = {Iori, Manuel and De Lima, Vinícius L. and Martello, Silvano and Miyazawa, Flávio K. and Monaci, Michele},
  date = {2021-03},
  journaltitle = {European Journal of Operational Research},
  shortjournal = {European Journal of Operational Research},
  volume = {289},
  number = {2},
  pages = {399--415},
  issn = {03772217},
  doi = {10.1016/j.ejor.2020.06.050},
  url = {test},
  langid = {english}
}

@article{junqueira_optimization_2013,
  title = {An optimization model for the vehicle routing problem with practical three-dimensional loading constraints},
  shorttitle = {An optimization model for the {{3L-CVRP}}},
  author = {Junqueira, Leonardo and Oliveira, José F. and Carravilla, Maria Antónia and Morabito, Reinaldo},
  date = {2013},
  journaltitle = {International Transactions in Operational Research},
  shortjournal = {Int. Trans. Oper. Res.},
  volume = {20},
  number = {5},
  pages = {645--666},
  issn = {1475-3995},
  doi = {10.1111/j.1475-3995.2012.00872.x},
  langid = {english},
  keywords = {capacitated vehicle routing problem,mathematical modeling,three-dimensional loading}
}

@article{kirasich_random_2018,
  title = {Random {{Forest}} vs {{Logistic Regression}}: {{Binary Classification}} for {{Heterogeneous Datasets}}},
  shorttitle = {Random {{Forest}} vs {{Logistic Regression}}},
  author = {Kirasich, Kaitlin and Smith, Trace and Sadler, Bivin},
  date = {2018-08-25},
  journaltitle = {SMU Data Science Review},
  shortjournal = {SMU Data Sci. Rev.},
  volume = {1},
  number = {3},
  url = {https://scholar.smu.edu/datasciencereview/vol1/iss3/9}
}

@article{kotsiantis_supervised_2007,
  title = {Supervised {{Machine Learning}}: {{A Review}} of {{Classification Techniques}}},
  shorttitle = {Supervised {{Machine Learning}}},
  author = {Kotsiantis, S. B.},
  date = {2007},
  journaltitle = {Informatica},
  volume = {31},
  number = {3},
  issn = {1854-3871},
  issue = {3},
  keywords = {classifier,important,ki,model}
}

@article{krebs_advanced_2021,
  title = {Advanced loading constraints for {{3D}} vehicle routing problems},
  shorttitle = {Advanced loading constraints for {{3L--CVRP}}},
  author = {Krebs, Corinna and Ehmke, Jan Fabian and Koch, Henriette},
  date = {2021-12},
  journaltitle = {OR Spectrum},
  shortjournal = {OR Spectrum},
  volume = {43},
  number = {4},
  pages = {835--875},
  issn = {0171-6468, 1436-6304},
  doi = {10.1007/s00291-021-00645-w},
  langid = {english}
}

@article{krebs_axle_2021,
  title = {Axle {{Weights}} in combined {{Vehicle Routing}} and {{Container Loading Problems}}},
  shorttitle = {Axle {{Weights}} in for the {{3L--CVRP}}},
  author = {Krebs, Corinna and Ehmke, Jan Fabian},
  date = {2021-01-01},
  journaltitle = {EURO Journal on Transportation and Logistics},
  shortjournal = {EURO Journal on Transportation and Logistics},
  volume = {10},
  pages = {100043},
  issn = {2192-4376},
  doi = {10.1016/j.ejtl.2021.100043},
  keywords = {2L-CVRP,3L-CVRP,Axle Weights,Container Loading Problem,Vehicle Routing problem}
}

@article{kucuk_constraint_2022,
  title = {Constraint programming-based solution approaches for three-dimensional loading capacitated vehicle routing problems},
  shorttitle = {{{CP-based}} solution approaches for {{3L-CVRP}}},
  author = {Küçük, Mustafa and Topaloglu Yildiz, Seyda},
  date = {2022-09-01},
  journaltitle = {Computers \& Industrial Engineering},
  shortjournal = {Computers \& Industrial Engineering},
  volume = {171},
  pages = {108505},
  issn = {0360-8352},
  doi = {10.1016/j.cie.2022.108505},
  keywords = {Constraint programming,Container loading problem,Decomposition,Time windows,Vehicle routing problem}
}

@book{kuhn_applied_2016,
  title = {Applied predictive modeling},
  author = {Kuhn, Max and Johnson, Kjell},
  date = {2016},
  edition = {Corrected at 5th printing},
  publisher = {Springer},
  location = {New York},
  isbn = {978-1-4614-6848-6 978-1-4614-6849-3},
  langid = {english},
  pagetotal = {1}
}

@inproceedings{li_data-driven_2018,
  title = {A {{Data-Driven Three-Layer Algorithm}} for {{Split Delivery Vehicle Routing Problem}} with {{3D Container Loading Constraint}}},
  booktitle = {Proceedings of the 24th {{ACM SIGKDD International Conference}} on {{Knowledge Discovery}} \& {{Data Mining}}},
  author = {Li, Xijun and Yuan, Mingxuan and Chen, Di and Yao, Jianguo and Zeng, Jia},
  date = {2018-07-19},
  pages = {528--536},
  publisher = {ACM},
  location = {London United Kingdom},
  doi = {10.1145/3219819.3219872},
  eventtitle = {{{KDD}} '18: {{The}} 24th {{ACM SIGKDD International Conference}} on {{Knowledge Discovery}} and {{Data Mining}}},
  isbn = {978-1-4503-5552-0},
  langid = {english}
}

@inproceedings{linssConstraintProgrammingModel2023,
  title = {A {{Constraint Programming Model}} for~the~{{Vehicle Routing Problem}} with~{{Multiple Time Windows}}},
  booktitle = {Computational {{Logistics}}},
  author = {Linß, Florian},
  editor = {Daduna, Joachim R. and Liedtke, Gernot and Shi, Xiaoning and Voß, Stefan},
  date = {2023},
  pages = {307--321},
  publisher = {Springer Nature Switzerland},
  location = {Cham},
  doi = {10.1007/978-3-031-43612-3_19},
  isbn = {978-3-031-43612-3},
  langid = {english},
  keywords = {constraint programming,multiple time windows,vehicle routing}
}

@article{liu_integrated_2024,
  title = {Integrated packing and routing: {{A}} model and its solutions},
  shorttitle = {Integrated packing and routing},
  author = {Liu, Congzheng and Lyu, Jing and Fang, Ke},
  date = {2024-12},
  journaltitle = {Computers \& Operations Research},
  shortjournal = {Computers \& Operations Research},
  volume = {172},
  pages = {106790},
  issn = {03050548},
  doi = {10.1016/j.cor.2024.106790},
  langid = {english}
}

@article{liu_novel_2011,
  title = {A novel hybrid tabu search approach to container loading},
  shorttitle = {A novel hybrid tabu search approach to {{CLP}}},
  author = {Liu, Jiamin and Yue, Yong and Dong, Zongran and Maple, Carsten and Keech, Malcolm},
  date = {2011-04-01},
  journaltitle = {Computers \& Operations Research},
  shortjournal = {Computers \& Operations Research},
  volume = {38},
  number = {4},
  pages = {797--807},
  issn = {0305-0548},
  doi = {10.1016/j.cor.2010.09.002},
  keywords = {Container loading,Heuristic,Stability,Tabu search,Weight distribution}
}

@incollection{lourenco_iterated_2003,
  title = {Iterated {{Local Search}}},
  booktitle = {Handbook of {{Metaheuristics}}},
  author = {Lourenço, Helena R. and Martin, Olivier C. and Stützle, Thomas},
  editor = {Glover, Fred and Kochenberger, Gary A.},
  date = {2003},
  pages = {320--353},
  publisher = {Springer US},
  location = {Boston, MA},
  doi = {10.1007/0-306-48056-5_11},
  isbn = {978-0-306-48056-0},
  langid = {english},
  keywords = {Acceptance Criterion,Local Search,Local Search Algorithm,Tabu Search,Variable Neighborhood Search}
}

@article{molnar_interpretable_2019,
  title = {Interpretable {{Machine Learning}}},
  author = {Molnar, Christoph},
  date = {2019-02-21},
  langid = {english},
  keywords = {model}
}

@article{moura_grasp_2005,
  title = {A {{GRASP}} approach to the container-loading problem},
  shorttitle = {A {{GRASP}} approach to the {{CLP}}},
  author = {Moura, A. and Oliveira, J.F.},
  date = {2005-07},
  journaltitle = {IEEE Intelligent Systems},
  shortjournal = {IEEE Intell. Syst.},
  volume = {20},
  number = {4},
  pages = {50--57},
  issn = {1941-1294},
  doi = {10.1109/MIS.2005.57},
  keywords = {cargo stability,container-loading problem,Containers,GRASP (greedy randomized adaptive search procedure),Logistics,Road transportation,Stability}
}

@article{moura_integrated_2009,
  title = {An integrated approach to the {{VRP}} and {{CLP}}},
  author = {Moura, Ana and Oliveira, José Fernando},
  date = {2009-10},
  journaltitle = {OR Spectrum},
  shortjournal = {OR Spectrum},
  volume = {31},
  number = {4},
  pages = {775--800},
  issn = {0171-6468, 1436-6304},
  doi = {10.1007/s00291-008-0129-4},
  langid = {english}
}

@article{nasteski_overview_2017,
  title = {An overview of the supervised machine learning methods},
  author = {Nasteski, Vladimir},
  date = {2017-12-15},
  journaltitle = {HORIZONS.B},
  shortjournal = {HORIZONS.B},
  volume = {4},
  pages = {51--62},
  doi = {10.20544/HORIZONS.B.04.1.17.P05}
}

@article{pisinger_heuristics_2002,
  title = {Heuristics for the container loading problem},
  author = {Pisinger, David},
  date = {2002-09-01},
  journaltitle = {European Journal of Operational Research},
  shortjournal = {European Journal of Operational Research},
  volume = {141},
  number = {2},
  pages = {382--392},
  issn = {0377-2217},
  doi = {10.1016/S0377-2217(02)00132-7},
  keywords = {Container loading,Cutting/packing,gneral,heuristics,Heuristics,Knapsack packing}
}

@article{pollaris_vehicle_2015,
  title = {Vehicle routing problems with loading constraints: state-of-the-art and future directions},
  shorttitle = {Vehicle routing problems with loading constraints},
  author = {Pollaris, Hanne and Braekers, Kris and Caris, An and Janssens, Gerrit K. and Limbourg, Sabine},
  date = {2015-03-01},
  journaltitle = {OR Spectrum},
  shortjournal = {OR Spectrum},
  volume = {37},
  number = {2},
  pages = {297--330},
  issn = {1436-6304},
  doi = {10.1007/s00291-014-0386-3},
  langid = {english},
  keywords = {Loading problem,Pickup and delivery,Rich VRP,Three-dimensional packing,Two-dimensional packing,Vehicle routing problem,vrp}
}

@article{pollaris_vehicle_2015-1,
  title = {Vehicle routing problems with loading constraints: state-of-the-art and future directions},
  shorttitle = {Vehicle routing problems with loading constraints},
  author = {Pollaris, Hanne and Braekers, Kris and Caris, An and Janssens, Gerrit K. and Limbourg, Sabine},
  date = {2015-03-01},
  journaltitle = {OR Spectrum},
  shortjournal = {OR Spectrum},
  volume = {37},
  number = {2},
  pages = {297--330},
  issn = {1436-6304},
  doi = {10.1007/s00291-014-0386-3},
  langid = {english},
  keywords = {Loading problem,Pickup and delivery,Rich VRP,Three-dimensional packing,Two-dimensional packing,Vehicle routing problem}
}

@article{sarah_de_wolf_machine_2022,
  title = {A {{Machine Learning}} approach for {{3D}} load feasibility prediction},
  shorttitle = {{{ML}} approach for {{3D}} load feasibility prediction},
  author = {{Sarah de Wolf} and Yorke-Smith, Neil and Seccia, Ruggiero},
  date = {2022},
  doi = {https://resolver.tudelft.nl/uuid:e76fa81e-1494-4ef9-950f-6cd02d75cd8d},
  langid = {english}
}

@online{SchedulingVehiclesCentral,
  title = {Scheduling of {{Vehicles}} from a {{Central Depot}} to a {{Number}} of {{Delivery Points}} | {{Operations Research}}},
  url = {https://pubsonline.informs.org/doi/epdf/10.1287/opre.12.4.568},
  urldate = {2025-07-30}
}

@online{schoepf_using_2024,
  title = {Using {{Reinforcement Learning}} for the {{Three-Dimensional Loading Capacitated Vehicle Routing Problem}}},
  shorttitle = {Using {{Reinforcement Learning}} for the {{3L-CVRP}}},
  author = {Schoepf, Stefan and Mak, Stephen and Senoner, Julian and Xu, Liming and Torbjörn, Netland and Brintrup, Alexandra},
  date = {2024-06-11},
  eprint = {2307.12136},
  eprinttype = {arXiv},
  eprintclass = {cs},
  doi = {10.48550/arXiv.2307.12136},
  pubstate = {prepublished},
  keywords = {Computer Science - Machine Learning,Mathematics - Optimization and Control}
}

@article{solomon_algorithms_1987,
  title = {Algorithms for the {{Vehicle Routing}} and {{Scheduling Problems}} with {{Time Window Constraints}}},
  shorttitle = {Algorithms for the {{Vehicle Routing}} and {{Scheduling Problems}} with {{Time Windows}}},
  author = {Solomon, Marius M.},
  date = {1987-04},
  journaltitle = {Operations Research},
  shortjournal = {Operations Research},
  volume = {35},
  number = {2},
  pages = {254--265},
  issn = {0030-364X, 1526-5463},
  doi = {10.1287/opre.35.2.254},
  langid = {english}
}

@online{statista_global_2022,
  title = {Global parcel shipping volume between 2013 and 2027 (in billion parcels)},
  shorttitle = {Parcel shipping volume worldwide},
  author = {{Statista}},
  date = {2022-09-22},
  url = {https://www.statista.com/statistics/1139910/parcel-shipping-volume-worldwide/},
  urldate = {2025-04-16},
  langid = {english},
  organization = {Statista}
}

@online{tamke_branch-and-cut_2024,
  title = {A branch-and-cut algorithm for vehicle routing problems with three-dimensional loading constraints},
  shorttitle = {Branch-and-{{Cut}} for the {{3L--CVRP}} with {{Loading Constraints}}},
  author = {Tamke, Felix and Linß, Florian and Kuttner, Leopold and Buscher, Udo},
  date = {2024-02-21},
  eprint = {2402.14868},
  eprinttype = {arXiv},
  eprintclass = {math},
  doi = {10.48550/arXiv.2402.14868},
  pubstate = {prepublished},
  keywords = {Mathematics - Optimization and Control}
}

@online{tamke_repository_2024,
  title = {Repository {{3L-CVRP}}},
  author = {Tamke, Felix and Linß, Florian and Kuttner, Leopold},
  date = {2024-02-09},
  url = {https://github.com/felicze/3l-cvrp},
  langid = {english},
  organization = {GitHub}
}

@article{tao_effective_2015,
  title = {An effective tabu search approach with improved loading algorithms for the {{3L-CVRP}}},
  shorttitle = {An effective {{TS}} approach for the {{3L-CVRP}}},
  author = {Tao, Yi and Wang, Fan},
  date = {2015-03},
  journaltitle = {Computers \& Operations Research},
  shortjournal = {Computers \& Operations Research},
  volume = {55},
  pages = {127--140},
  issn = {03050548},
  doi = {10.1016/j.cor.2013.10.017},
  langid = {english}
}

@book{toth_vehicle_2014,
  title = {Vehicle routing: problems, methods, and applications},
  shorttitle = {Vehicle routing},
  editor = {Toth, Paolo and Vigo, Daniele},
  date = {2014},
  series = {{{MOS-SIAM}} series on optimization},
  edition = {Second edition},
  publisher = {{Society for Industrial and Applied Mathematics : Mathematical Optimization Society}},
  location = {Philadelphia},
  isbn = {978-1-61197-358-7},
  langid = {english},
  pagetotal = {463},
  keywords = {Transportation problems (Programming)}
}

@online{un_trade_and_development_unctad_review_2024,
  title = {Review of {{Maritime Transport}} 2024},
  author = {{UN Trade And Development (UNCTAD)}},
  date = {2024-10-22},
  url = {https://unctad.org/publication/review-maritime-transport-2024},
  urldate = {2025-04-16},
  langid = {english}
}

@inproceedings{wang_survey_2009,
  title = {A {{Survey}} on {{Vehicle Routing Problem}} with {{Loading Constraints}}},
  shorttitle = {A {{Survey}} on {{VRP}} with {{Loading Constraints}}},
  booktitle = {2009 {{International Joint Conference}} on {{Computational Sciences}} and {{Optimization}}},
  author = {Wang, Fan and Tao, Yi and Shi, Ning},
  date = {2009-04},
  volume = {2},
  pages = {602--606},
  doi = {10.1109/CSO.2009.127},
  eventtitle = {2009 {{International Joint Conference}} on {{Computational Sciences}} and {{Optimization}}},
  keywords = {Books,Constraint optimization,Containers,Cost function,Loading,Routing,Shape,Sun,Transportation,Vehicles}
}

@article{yangHeuristicsIntegratedDeep2024,
  title = {Heuristics {{Integrated Deep Reinforcement Learning}} for {{Online 3D Bin Packing}}},
  author = {Yang, Shuo and Song, Shuai and Chu, Shilei and Song, Ran and Cheng, Jiyu and Li, Yibin and Zhang, Wei},
  date = {2024-01},
  journaltitle = {IEEE Transactions on Automation Science and Engineering},
  shortjournal = {IEEE Trans. Autom. Sci. Eng.},
  volume = {21},
  number = {1},
  pages = {939--950},
  issn = {1558-3783},
  doi = {10.1109/TASE.2023.3235742},
  eventtitle = {{{IEEE Transactions}} on {{Automation Science}} and {{Engineering}}},
  keywords = {Automation,Bin packing,Deep learning,deep reinforcement learning,Deep reinforcement learning,Logistics,Optimization,Reinforcement learning,robotics,Robots,Task analysis,Three-dimensional displays,warehouse automation,Warehousing}
}

@article{zachariadis_guided_2009,
  title = {A {{Guided Tabu Search}} for the {{Vehicle Routing Problem}} with two-dimensional loading constraints},
  shorttitle = {A {{Guided Tabu Search}} for the {{2L-CVRP}}},
  author = {Zachariadis, Emmanouil E. and Tarantilis, Christos D. and Kiranoudis, Christos T.},
  date = {2009-06-16},
  journaltitle = {European Journal of Operational Research},
  shortjournal = {European Journal of Operational Research},
  volume = {195},
  number = {3},
  pages = {729--743},
  issn = {0377-2217},
  doi = {10.1016/j.ejor.2007.05.058},
  keywords = {Guided Local Search,Loading constraints,Tabu Search,Vehicle routing}
}

@article{zachariadis_hybrid_2009,
  title = {A hybrid metaheuristic algorithm for the vehicle routing problem with simultaneous delivery and pick-up service},
  author = {Zachariadis, Emmanouil and Tarantilis, Christos and Kiranoudis, Chris},
  date = {2009-03-01},
  journaltitle = {Expert Systems with Applications},
  shortjournal = {Expert Systems with Applications},
  volume = {36},
  pages = {1070--1081},
  doi = {10.1016/j.eswa.2007.11.005},
  keywords = {3D,cup,cvrp,metaheuristics}
}

@article{zhang_evolutionary_2015,
  title = {An evolutionary local search for the capacitated vehicle routing problem minimizing fuel consumption under three-dimensional loading constraints},
  shorttitle = {An evolutionary local search for the {{3L-CVRP}} minimizing fuel consumption},
  author = {Zhang, Zhenzhen and Wei, Lijun and Lim, Andrew},
  date = {2015-12-01},
  journaltitle = {Transportation Research Part B: Methodological},
  shortjournal = {Transportation Research Part B: Methodological},
  volume = {82},
  pages = {20--35},
  issn = {0191-2615},
  doi = {10.1016/j.trb.2015.10.001},
  keywords = {3L-CVRP,3L-FCVRP,Evolutionary local search,Loading,Routing}
}

@article{zhang_learning-based_2022,
  title = {Learning-{{Based Branch-and-Price Algorithms}} for the {{Vehicle Routing Problem}} with {{Time Windows}} and {{Two-Dimensional Loading Constraints}}},
  shorttitle = {Learning-{{Based Branch-and-Price Algorithms}} for the {{2L-VRPTW}}},
  author = {Zhang, Xiangyi and Chen, Lu and Gendreau, Michel and Langevin, André},
  date = {2022-05},
  journaltitle = {INFORMS Journal on Computing},
  shortjournal = {INFORMS Journal on Computing},
  volume = {34},
  number = {3},
  pages = {1419--1436},
  issn = {1091-9856, 1526-5528},
  doi = {10.1287/ijoc.2021.1110},
  langid = {english}
}

@article{zhangGANbasedGeneticAlgorithm2024,
  title = {A {{GAN-based}} genetic algorithm for solving the {{3D}} bin packing problem},
  author = {Zhang, Boliang and Yao, Yu and Kan, H. K. and Luo, Wuman},
  date = {2024-04-02},
  journaltitle = {Scientific Reports},
  shortjournal = {Sci Rep},
  volume = {14},
  number = {1},
  pages = {7775},
  publisher = {Nature Publishing Group},
  issn = {2045-2322},
  doi = {10.1038/s41598-024-56699-7},
  langid = {english},
  keywords = {Aerospace engineering,Applied mathematics,clp,Computer science,ki,model}
}

@article{zhao_comparative_2016,
  title = {A comparative review of {{3D}} container loading algorithms},
  author = {Zhao, Xiaozhou and Bennell, Julia A. and Bektaş, Tolga and Dowsland, Kath},
  date = {2016},
  journaltitle = {International Transactions in Operational Research},
  shortjournal = {Int. Trans. Oper. Res.},
  volume = {23},
  number = {1--2},
  pages = {287--320},
  issn = {1475-3995},
  doi = {10.1111/itor.12094},
  langid = {english},
  keywords = {container loading,cutting and packing,review}
}

@article{zhu_prototype_2012,
  title = {A prototype column generation strategy for the multiple container loading problem},
  shorttitle = {A prototype column generation strategy for the multiple {{CLP}}},
  author = {Zhu, Wenbin and Huang, Weili and Lim, Andrew},
  date = {2012-11-16},
  journaltitle = {European Journal of Operational Research},
  shortjournal = {European Journal of Operational Research},
  volume = {223},
  number = {1},
  pages = {27--39},
  issn = {0377-2217},
  doi = {10.1016/j.ejor.2012.05.039},
  keywords = {Column generation,Heuristic,Multiple container loading problem,Packing}
}
